<record><leader>00000cas a22000007a 4500</leader><controlfield tag="001">18041863</controlfield><controlfield tag="008">880606d18801884paudn ne      0    0eng d</controlfield><datafield ind1=" " ind2=" " tag="010"><subfield code="a">sn 88079337 </subfield></datafield><datafield ind1=" " ind2=" " tag="040"><subfield code="a">NPH</subfield><subfield code="b">eng</subfield><subfield code="c">NPH</subfield><subfield code="d">OCLCQ</subfield></datafield><datafield ind1=" " ind2=" " tag="042"><subfield code="a">msc</subfield></datafield><datafield ind1="0" ind2=" " tag="130"><subfield code="a">Meadville daily Republican (Meadville, Pa. : 1880)</subfield></datafield><datafield ind1="1" ind2="0" tag="245"><subfield code="a">Meadville daily Republican.</subfield></datafield><datafield ind1="1" ind2="3" tag="246"><subfield code="a">Evening Republican</subfield></datafield><datafield ind1=" " ind2=" " tag="260"><subfield code="a">Meadville, Pa. :</subfield><subfield code="b">J.W.H. Reisinger,</subfield><subfield code="c">1880-</subfield></datafield><datafield ind1=" " ind2=" " tag="300"><subfield code="a">v.</subfield></datafield><datafield ind1=" " ind2=" " tag="310"><subfield code="a">Daily (except Sun.)</subfield></datafield><datafield ind1="0" ind2=" " tag="362"><subfield code="a">Vol. 15, no. 242 (Mar. 13, 1880)-</subfield></datafield><datafield ind1="1" ind2=" " tag="362"><subfield code="a">Ceased in 1884?</subfield></datafield><datafield ind1=" " ind2=" " tag="580"><subfield code="a">Weekly ed.: Meadville Republican (Meadville, Pa. : 1880).</subfield></datafield><datafield ind1=" " ind2=" " tag="752"><subfield code="a">United States</subfield><subfield code="b">Pennsylvania</subfield><subfield code="c">Crawford</subfield><subfield code="d">Meadville.</subfield></datafield><datafield ind1="1" ind2=" " tag="775"><subfield code="t">Meadville Republican (Meadville, Pa. : 1880)</subfield><subfield code="w">(DLC)sn 88079392</subfield></datafield><datafield ind1="0" ind2="0" tag="780"><subfield code="t">Evening Republican (Meadville, Pa. : 1872)</subfield><subfield code="w">(DLC)sn 86053741</subfield></datafield><datafield ind1="0" ind2="0" tag="785"><subfield code="t">Meadville evening Republican</subfield><subfield code="w">(DLC)sn 88079385</subfield></datafield></record>